<?xml version="1.0" encoding="UTF-8"?><collection xmlns="http://www.loc.gov/MARC21/slim"><record><leader>00689nam--2200193-i-4500</leader><controlfield tag="001">000036100</controlfield><controlfield tag="002">20161230</controlfield><controlfield tag="005">20161230201040</controlfield><controlfield tag="008">060222s1000------------r-----000-0-eng-d</controlfield><datafield ind1=" " ind2=" " tag="040"><subfield code="a">IFIN-HH</subfield></datafield><datafield ind1=" " ind2=" " tag="080"><subfield code="a">533.9(061.3)</subfield></datafield><datafield ind1="1" ind2=" " tag="100"><subfield code="a">Musa, Geavit</subfield></datafield><datafield ind1="1" ind2="0" tag="245"><subfield code="a">Phenomena in ionized gases 1969</subfield><subfield code="b">Ninth international conference on phenomena in ionized gases 1969. contributed papers, bucharest, romania, september 1-6, 1969</subfield><subfield code="c">Gearvit musa, ion ghica, alexandrina popescu, ligia nastase (eds.)</subfield></datafield><datafield ind1=" " ind2=" " tag="260"><subfield code="a">Bucharest</subfield><subfield code="b">Institute Of Physics</subfield><subfield code="c">1969</subfield></datafield><datafield ind1=" " ind2=" " tag="300"><subfield code="a">XLII+697P</subfield></datafield><datafield ind1=" " ind2=" " tag="700"><subfield code="a">Ghica, Ion</subfield><subfield code="e">Ed</subfield></datafield><datafield ind1="1" ind2=" " tag="700"><subfield code="a">Nastase, Ligia</subfield><subfield code="e">Ed</subfield></datafield><datafield ind1=" " ind2=" " tag="852"><subfield code="a">31317</subfield><subfield code="c">537.52</subfield></datafield><datafield ind1=" " ind2=" " tag="CAT"><subfield code="a">Sys</subfield><subfield code="c">20110804</subfield><subfield code="h">095726</subfield></datafield></record></collection>